<record><leader>00000cas a22000007a 4500</leader><controlfield tag="001">14237830</controlfield><controlfield tag="008">860919d19501960txuwr ne      0    0eng d</controlfield><datafield ind1=" " ind2=" " tag="010"><subfield code="a">sn 86089107 </subfield></datafield><datafield ind1=" " ind2=" " tag="040"><subfield code="a">PPM</subfield><subfield code="b">eng</subfield><subfield code="c">PPM</subfield><subfield code="d">OCLCQ</subfield></datafield><datafield ind1=" " ind2=" " tag="042"><subfield code="a">msc</subfield></datafield><datafield ind1="0" ind2="4" tag="245"><subfield code="a">The Pecos enterprise and gusher.</subfield></datafield><datafield ind1=" " ind2=" " tag="260"><subfield code="a">Pecos, Tex. :</subfield><subfield code="b">Joe B. Pouns and Barney Hubbs,</subfield><subfield code="c">1950-1960.</subfield></datafield><datafield ind1=" " ind2=" " tag="300"><subfield code="a">v. :</subfield><subfield code="b">ill.</subfield></datafield><datafield ind1=" " ind2=" " tag="310"><subfield code="a">Semiweekly</subfield></datafield><datafield ind1="0" ind2=" " tag="362"><subfield code="a">Vol. 65, no. 18 (Apr. 6, 1950)-v. 73, no. 6 (Jan. 21, 1960).</subfield></datafield><datafield ind1=" " ind2=" " tag="752"><subfield code="a">United States</subfield><subfield code="b">Texas</subfield><subfield code="c">Reeves</subfield><subfield code="d">Pecos.</subfield></datafield><datafield ind1="0" ind2="0" tag="780"><subfield code="t">Pecos enterprise (Pecos, Tex. : 1932)</subfield><subfield code="w">(DLC)sn 86090190</subfield></datafield><datafield ind1="0" ind2="0" tag="785"><subfield code="t">Pecos daily enterprise</subfield><subfield code="w">(DLC)sn 86088989</subfield></datafield></record>